@article{Alonso2011,
  doi = {10.1371/journal.pmed.1000406},
  url = {http://dx.doi.org/10.1371/journal.pmed.1000406},
  year  = {2011},
  month = {jan},
  publisher = {Public Library of Science ({PLoS})},
  volume = {8},
  number = {1},
  pages = {e1000406},
  author = {Pedro L. Alonso and Graham Brown and Myriam Arevalo-Herrera and Fred Binka and Chetan Chitnis and Frank Collins and Ogobara K. Doumbo and Brian Greenwood and B. Fenton Hall and Myron M. Levine and Kamini Mendis and Robert D. Newman and Christopher V. Plowe and Mario Henry Rodr{\'{\i}}guez and Robert Sinden and Laurence Slutsker and Marcel Tanner},
  title = {A Research Agenda to Underpin Malaria Eradication},
  journal = {{PLoS} Med}
}

@article{Braun2006, 
title={Using thematic analysis in psychology},
 volume={3},
 ISSN={1478-0895},
 url={http://dx.doi.org/10.1191/1478088706qp063oa},
 DOI={10.1191/1478088706qp063oa},
 number={2},
 journal={Qualitative Research in Psychology},
 publisher={Informa UK Limited},
 author={Braun, Virginia and Clarke, Victoria},
 year={2006},
 month={Jan},
 pages={77–101}}

@article{Vaismoradi_2016, 
title={Theme development in qualitative content analysis and thematic analysis},
 volume={6},
 ISSN={1925-4040},
 url={http://dx.doi.org/10.5430/jnep.v6n5p100},
 DOI={10.5430/jnep.v6n5p100},
 number={5},
 journal={Journal of Nursing Education and Practice},
 publisher={Sciedu Press},
 author={Vaismoradi, Mojtaba and Jones, Jacqueline and Turunen, Hannele and Snelgrove, Sherrill},
 year={2016},
 month={Jan}}

@article{Heckman, 
title={Sample Selection Bias as a Specification Error},
 volume={47},
 ISSN={0012-9682},
 url={http://dx.doi.org/10.2307/1912352},
 DOI={10.2307/1912352},
 number={1},
 journal={Econometrica},
 publisher={JSTOR},
 author={Heckman, James J.},
 year={1979},
 month={Jan},
 pages={153}}

@article{Imai_2016, 
title={Improving Ecological Inference by Predicting Individual Ethnicity from Voter Registration Records},
 volume={24},
 ISSN={1476-4989},
 url={http://dx.doi.org/10.1093/pan/mpw001},
 DOI={10.1093/pan/mpw001},
 number={02},
 journal={Political Analysis},
 publisher={Cambridge University Press (CUP)},
 author={Imai, Kosuke and Khanna, Kabir},
 year={2016},
 pages={263–272}}

@Manual{Lincoln,
    title = {gender: Predict Gender from Names Using Historical Data},
    author = {Lincoln Mullen},
    year = {2015},
    note = {R package version 0.5.1.9000},
    url = {https://github.com/ropensci/gender},
  }

@Article{toomet2008,
    title = {Sample Selection Models in {R}: Package {sampleSelection}},
    author = {Ott Toomet and Arne Henningsen},
    journal = {Journal of Statistical Software},
    year = {2008},
    volume = {27},
    number = {7},
    url = {http://www.jstatsoft.org/v27/i07/},
  }



@article{Barofsky2015,
  doi = {10.1016/j.jhealeco.2015.08.002},
  url = {http://dx.doi.org/10.1016/j.jhealeco.2015.08.002},
  year  = {2015},
  month = {dec},
  publisher = {Elsevier {BV}},
  volume = {44},
  pages = {118--136},
  author = {Jeremy Barofsky and Tobenna D. Anekwe and Claire Chase},
  title = {Malaria eradication and economic outcomes in sub-Saharan Africa: Evidence from Uganda},
  journal = {Journal of Health Economics}
}

@article{Barrett2013,
  doi = {10.1098/rstb.2012.0149},
  url = {http://dx.doi.org/10.1098/rstb.2012.0149},
  year  = {2013},
  month = {jun},
  publisher = {The Royal Society},
  volume = {368},
  number = {1623},
  pages = {20120149--20120149},
  author = {S. Barrett},
  title = {Economic considerations for the eradication endgame},
  journal = {Philosophical Transactions of the Royal Society B: Biological Sciences}
}

@article{Btto2016,
  doi = {10.1371/journal.pntd.0004494},
  url = {http://dx.doi.org/10.1371/journal.pntd.0004494},
  year  = {2016},
  month = {mar},
  publisher = {Public Library of Science ({PLoS})},
  volume = {10},
  number = {3},
  pages = {e0004494},
  author = {Camila B{\^{o}}tto-Menezes and Azucena Bardaj{\'{\i}} and Giselane dos Santos Campos and Silke Fernandes and Kara Hanson and Flor Ernestina Mart{\'{\i}}nez-Espinosa and Clara Men{\'{e}}ndez and Elisa Sicuri},
  editor = {Nicholas P. Day},
  title = {Costs Associated with Malaria in Pregnancy in the Brazilian Amazon,  a Low Endemic Area Where Plasmodium vivax Predominates},
  journal = {{PLoS} Negl Trop Dis}
}

@Manual{Ronggui2017,
    title = {RQDA: R-based Qualitative Data Analysis},
    author = {Ronggui Huang},
    year = {2017},
    note = {R package version 0.3-0},
    url = {http://rqda.r-forge.r-project.org},
  }

@Article{Chima2003,
  Title                    = {The economic impact of malaria in {Africa}: a critical review of the evidence},
  Author                   = {Chima, Reginald Ikechukwu and Goodman, Catherine A and Mills, Anne},
  Journal                  = {Health Policy},
  Year                     = {2003},

  Month                    = {Jan},
  Number                   = {1},
  Pages                    = {17–36},
  Volume                   = {63},

  Doi                      = {10.1016/s0168-8510(02)00036-2},
  ISSN                     = {0168-8510},
  Owner                    = {joebrew},
  Publisher                = {Elsevier BV},
  Timestamp                = {2016.04.04},
  Url                      = {http://dx.doi.org/10.1016/S0168-8510(02)00036-2}
}

@article{Dalaba2015,
  doi = {10.1186/s12913-014-0659-1},
  url = {http://dx.doi.org/10.1186/s12913-014-0659-1},
  year  = {2015},
  publisher = {Springer Science},
  volume = {15},
  number = {1},
  pages = {34},
  author = {Maxwell Dalaba and Patricia Akweongo and Raymond Aborigo and Happiness Saronga and John Williams and Gifty Aninanya and Rainer Sauerborn and Svetla Loukanova},
  title = {Cost to households in treating maternal complications in northern Ghana: a cross sectional study},
  journal = {{BMC} Health Services Research}
}
@article{Eckhoff2014,
  doi = {10.1186/1475-2875-13-486},
  url = {http://dx.doi.org/10.1186/1475-2875-13-486},
  year  = {2014},
  publisher = {Springer Science},
  volume = {13},
  number = {1},
  pages = {486},
  author = {Philip A Eckhoff and Caitlin A Bever and Jaline Gerardin and Edward A Wenger},
  title = {Fun with maths: exploring implications of mathematical models for malaria eradication},
  journal = {Malar J}
}

@article{Gates2014,
  url = {https://www.gatesnotes.com/Health/Eradicating-Malaria-in-a-Generation},
  year  = {2014},
  publisher = {Gates Notes},
  author = {Bill Gates},
  title = {We Can Eradicate Malaria—Within a Generation},
  journal = {Breaking a Fever}
}

@Manual{gender2015,
    title = {gender: Predict Gender from Names Using Historical Data},
    author = {Lincoln Mullen},
    year = {2015},
    note = {R package version 0.5.1.9000},
    url = {https://github.com/ropensci/gender},
  }

@article{IlungaIlunga2014,
  doi = {10.3855/jidc.4622},
  url = {http://dx.doi.org/10.3855/jidc.4622},
  year  = {2014},
  month = {dec},
  publisher = {Journal of Infection in Developing Countries},
  volume = {8},
  number = {12},
  author = {F{\'{e}}licien Ilunga-Ilunga and Alain Lev{\^{e}}que and L{\'{e}}on Okenge Ngongo and F{\'{e}}licien Tshimungu Kandolo and Mich{\`{e}}le Dramaix},
  title = {Costs of treatment of children affected by severe malaria in reference hospitals of Kinshasa,  Democratic Republic of Congo},
  journal = {J Infect Dev Ctries}
}

@article{Keenan2013,
  doi = {10.1371/journal.pntd.0002562},
  url = {http://dx.doi.org/10.1371/journal.pntd.0002562},
  year  = {2013},
  month = {dec},
  publisher = {Public Library of Science ({PLoS})},
  volume = {7},
  number = {12},
  pages = {e2562},
  author = {Jeremy D. Keenan and Peter J. Hotez and Abdou Amza and Nicole E. Stoller and Bruce D. Gaynor and Travis C. Porco and Thomas M. Lietman},
  editor = {Mar{\'{\i}}a-Gloria Bas{\'{a}}{\~{n}}ez},
  title = {Elimination and Eradication of Neglected Tropical Diseases with Mass Drug Administrations: A Survey of Experts},
  journal = {{PLoS} Negl Trop Dis}
}

@article{Korenromp2012,
  doi = {10.1186/1475-2875-11-94},
  url = {http://dx.doi.org/10.1186/1475-2875-11-94},
  year  = {2012},
  publisher = {Springer Science},
  volume = {11},
  number = {1},
  pages = {94},
  author = {Eline L Korenromp},
  title = {Lives saved from malaria prevention in Africa--evidence to sustain cost-effective gains},
  journal = {Malar J}
}

@Manual{Kovalchik2015,
    title = {RISmed: Download Content from NCBI Databases},
    author = {Stephanie Kovalchik},
    year = {2015},
    note = {R package version 2.1.5},
    url = {https://CRAN.R-project.org/package=RISmed},
  }

@article{Mnzava2014,
  doi = {10.1093/trstmh/tru101},
  url = {http://dx.doi.org/10.1093/trstmh/tru101},
  year  = {2014},
  month = {jul},
  publisher = {Oxford University Press ({OUP})},
  volume = {108},
  number = {9},
  pages = {550--554},
  author = {A. P. Mnzava and M. B. Macdonald and T. B. Knox and E. A. Temu and C. J. Shiff},
  title = {Malaria vector control at a crossroads: public health entomology and the drive to elimination},
  journal = {Transactions of the Royal Society of Tropical Medicine and Hygiene}
}

@article{Njera2011,
  doi = {10.1371/journal.pmed.1000412},
  url = {http://dx.doi.org/10.1371/journal.pmed.1000412},
  year  = {2011},
  month = {jan},
  publisher = {Public Library of Science ({PLoS})},
  volume = {8},
  number = {1},
  pages = {e1000412},
  author = {Jos{\'{e}} A. N{\'{a}}jera and Matiana Gonz{\'{a}}lez-Silva and Pedro L. Alonso},
  title = {Some Lessons for the Future from the Global Malaria Eradication Programme (1955{\textendash}1969)},
  journal = {{PLoS} Med}
}

 @Manual{R,
    title = {R: A Language and Environment for Statistical Computing},
    author = {{R Core Team}},
    organization = {R Foundation for Statistical Computing},
    address = {Vienna, Austria},
    year = {2015},
    url = {https://www.R-project.org/},
  }

@article{Roberts2007,
  doi = {10.1126/science.318.5856.1544},
  url = {http://dx.doi.org/10.1126/science.318.5856.1544},
  year  = {2007},
  month = {dec},
  publisher = {American Association for the Advancement of Science ({AAAS})},
  volume = {318},
  number = {5856},
  pages = {1544--1545},
  author = {L. Roberts and M. Enserink},
  title = {{MALARIA}: Did They Really Say ... Eradication?},
  journal = {Science}
}

@Article{Sachs2002,
  Title                    = {The economic and social burden of malaria},
  Author                   = {Sachs, Jeffrey and Malaney, Pia},
  Journal                  = {Nature},
  Year                     = {2002},

  Month                    = {Feb},
  Number                   = {6872},
  Pages                    = {680–685},
  Volume                   = {415},

  Doi                      = {10.1038/415680a},
  ISSN                     = {0028-0836},
  Owner                    = {joebrew},
  Publisher                = {Nature Publishing Group},
  Timestamp                = {2016.04.04},
  Url                      = {http://dx.doi.org/10.1038/415680a}
}

@article{Sicuri2011,
  doi = {10.1093/heapol/czr046},
  url = {http://dx.doi.org/10.1093/heapol/czr046},
  year  = {2011},
  month = {jun},
  publisher = {Oxford University Press ({OUP})},
  volume = {27},
  number = {4},
  pages = {339--347},
  author = {Sicuri E and Davy C and Marinelli M and Oa O and Ome M and Siba P and Conteh L and Mueller I},
  title = {The economic cost to households of childhood malaria in Papua New Guinea: a focus on intra-country variation},
  journal = {Health Policy and Planning}
}

@article{Silumbe2015,
  doi = {10.1186/s12936-015-0722-3},
  url = {http://dx.doi.org/10.1186/s12936-015-0722-3},
  year  = {2015},
  month = {may},
  publisher = {Springer Science},
  volume = {14},
  number = {1},
  author = {Kafula Silumbe and Joshua O Yukich and Busiku Hamainza and Adam Bennett and Duncan Earle and Mulakwa Kamuliwo and Richard W Steketee and Thomas P Eisele and John M Miller},
  title = {Costs and cost-effectiveness of a large-scale mass testing and treatment intervention for malaria in Southern Province,  Zambia},
  journal = {Malar J}
}

@article{Snow2015,
  doi = {10.1186/s12916-014-0254-7},
  url = {http://dx.doi.org/10.1186/s12916-014-0254-7},
  year  = {2015},
  publisher = {Springer Science},
  volume = {13},
  number = {1},
  pages = {23},
  author = {Robert W Snow},
  title = {Global malaria eradication and the importance of Plasmodium falciparum epidemiology in Africa},
  journal = {{BMC} Medicine}
}

@article{Stuckey2014,
  doi = {10.1371/journal.pone.0107700},
  url = {http://dx.doi.org/10.1371/journal.pone.0107700},
  year  = {2014},
  month = {oct},
  publisher = {Public Library of Science ({PLoS})},
  volume = {9},
  number = {10},
  pages = {e107700},
  author = {Erin M. Stuckey and Jennifer Stevenson and Katya Galactionova and Amrish Y. Baidjoe and Teun Bousema and Wycliffe Odongo and Simon Kariuki and Chris Drakeley and Thomas A. Smith and Jonathan Cox and Nakul Chitnis},
  editor = {Georges Snounou},
  title = {Modeling the Cost Effectiveness of Malaria Control Interventions in the Highlands of Western Kenya},
  journal = {{PLoS} {ONE}}
}

@article{Tanner2015,
  doi = {10.1186/s12916-015-0384-6},
  url = {http://dx.doi.org/10.1186/s12916-015-0384-6},
  year  = {2015},
  month = {jul},
  publisher = {Springer Science},
  volume = {13},
  number = {1},
  author = {Marcel Tanner and Brian Greenwood and Christopher J. M. Whitty and Evelyn K. Ansah and Ric N. Price and Arjen M. Dondorp and Lorenz von Seidlein and J. Kevin Baird and James G. Beeson and Freya J.I. Fowkes and Janet Hemingway and Kevin Marsh and Faith Osier},
  title = {Malaria eradication and elimination: views on how to translate a vision into reality},
  journal = {{BMC} Medicine}
}

@article{Yamey2004,
  doi = {10.1136/bmj.328.7448.1086},
  url = {http://dx.doi.org/10.1136/bmj.328.7448.1086},
  year  = {2004},
  month = {apr},
  publisher = {{BMJ}},
  volume = {328},
  number = {7448},
  pages = {1086--1087},
  author = {G. Yamey},
  title = {Roll Back Malaria: a failing global health campaign},
  journal = {{BMJ}}
}

@article{Wallis2014,
  doi = {10.1214/14-sts468},
  url = {http://dx.doi.org/10.1214/14-STS468},
  year  = {2014},
  month = {aug},
  publisher = {Institute of Mathematical Statistics},
  volume = {29},
  number = {3},
  pages = {420--424},
  author = {Kenneth F. Wallis},
  title = {Revisiting Francis Galton's Forecasting Competition},
  journal = {Statistical Science}
}

@article{White2011,
  doi = {10.1186/1475-2875-10-337},
  url = {http://dx.doi.org/10.1186/1475-2875-10-337},
  year  = {2011},
  publisher = {Springer Science},
  volume = {10},
  number = {1},
  pages = {337},
  author = {Michael T White and Lesong Conteh and Richard Cibulskis and Azra C Ghani},
  title = {Costs and cost-effectiveness of malaria control interventions - a systematic review},
  journal = {Malar J}
}

@article{WHO2015,
  doi = {10.1186/s12936-015-0787-z},
  url = {http://dx.doi.org/10.1186/s12936-015-0787-z},
  year  = {2015},
  month = {aug},
  publisher = {Springer Science},
  volume = {14},
  number = {1},
  title = {Malaria Policy Advisory Committee to the {WHO}: conclusions and recommendations of seventh biannual meeting},
  journal = {Malar J}
}

@article{WHO2016,
  doi = {10.1186/s12936-016-1169-x},
  url = {http://dx.doi.org/10.1186/s12936-016-1169-x},
  year  = {2016},
  month = {feb},
  publisher = {Springer Science},
  volume = {15},
  number = {1},
  title = {Malaria Policy Advisory Committee to the {WHO}: conclusions and recommendations of eighth biannual meeting (September 2015)},
  journal = {Malar J}
}

@Manual{wru2015,
    title = {wru: Who are You? Bayesian Prediction of Racial Category Using
Surname and Geolocation},
    author = {Kabir Khanna and Kosuke Imai and Hubert Jin},
    year = {2017},
    note = {R package version 0.1-5},
    url = {https://CRAN.R-project.org/package=wru},
  }

@Book{ggplot2,
    author = {Hadley Wickham},
    title = {ggplot2: Elegant Graphics for Data Analysis},
    publisher = {Springer-Verlag New York},
    year = {2009},
    isbn = {978-0-387-98140-6},
    url = {http://had.co.nz/ggplot2/book},
  }


@Manual{sentimentr2017,
    title = {{sentimentr}: Calculate Text Polarity Sentiment},
    author = {Tyler W. Rinker},
    organization = {University at Buffalo/SUNY},
    address = {Buffalo, New York},
    note = {version 1.0.0},
    year = {2017},
    url = {http://github.com/trinker/sentimentr},
  }

@article{Markey_2014, 
title={Reflecting on the challenges of choosing and using a grounded theory approach},
 volume={22},
 ISSN={2047-8992},
 url={http://dx.doi.org/10.7748/nr.22.2.16.e1272},
 DOI={10.7748/nr.22.2.16.e1272},
 number={2},
 journal={Nurse Researcher},
 publisher={RCN Publishing Ltd.},
 author={Markey, Kathleen and Tilki, Mary and Taylor, Georgina},
 year={2014},
 month={Nov},
 pages={16–22}}
  
  
@article{manya2017, 
title={Using the World Health Organization health system building blocks through survey of healthcare professionals to determine the performance of public healthcare facilities},
 volume={75},
 ISSN={2049-3258},
 url={http://dx.doi.org/10.1186/s13690-017-0221-9},
 DOI={10.1186/s13690-017-0221-9},
 number={1},
 journal={Archives of Public Health},
 publisher={Springer Nature},
 author={Manyazewal, Tsegahun},
 year={2017},
 month={Aug}}
